<record xsi:schemaLocation="http://www.loc.gov/MARC21/slim http://www.loc.gov/standards/marcxml/schema/MARC21slim.xsd"
        xmlns="http://www.loc.gov/MARC21/slim" xmlns:xsi="http://www.w3.org/2001/XMLSchema-instance">
    <leader>02614njm 2200625 a 4500</leader>
    <controlfield tag="004">AER1597</controlfield>
    <controlfield tag="005">20140610143505.0</controlfield>
    <controlfield tag="007">sd|fungnn|||ed</controlfield>
    <controlfield tag="008">911015p19911988xxuopn dhi ita d</controlfield>
    <controlfield tag="001">99101812210001021</controlfield>
    <datafield tag="024" ind1="1" ind2=" ">
        <subfield code="a">2894225282</subfield>
    </datafield>
    <datafield tag="028" ind1="0" ind2="2">
        <subfield code="a">422 528-2</subfield>
        <subfield code="b">Philips</subfield>
    </datafield>
    <datafield tag="028" ind1="0" ind2="0">
        <subfield code="a">422 783-2</subfield>
        <subfield code="b">Philips</subfield>
    </datafield>
    <datafield tag="028" ind1="0" ind2="0">
        <subfield code="a">422 784-2</subfield>
        <subfield code="b">Philips</subfield>
    </datafield>
    <datafield tag="033" ind1="0" ind2="0">
        <subfield code="a">198811--</subfield>
        <subfield code="b">6299</subfield>
        <subfield code="c">B3</subfield>
    </datafield>
    <datafield tag="035" ind1=" " ind2=" ">
        <subfield code="a">(Aleph)000708966BCL01</subfield>
    </datafield>
    <datafield tag="035" ind1=" " ind2=" ">
        <subfield code="a">(OCoLC)ocm24560876</subfield>
    </datafield>
    <datafield tag="035" ind1="9" ind2=" ">
        <subfield code="a">AER1597</subfield>
    </datafield>
    <datafield tag="040" ind1=" " ind2=" ">
        <subfield code="a">NDD</subfield>
        <subfield code="c">NDD</subfield>
        <subfield code="d">CPL</subfield>
        <subfield code="d">GZM</subfield>
        <subfield code="d">OCL</subfield>
        <subfield code="d">CNO</subfield>
        <subfield code="d">BXM</subfield>
    </datafield>
    <datafield tag="041" ind1="0" ind2=" ">
        <subfield code="d">ita</subfield>
        <subfield code="e">itaengfreger</subfield>
        <subfield code="h">ita</subfield>
        <subfield code="g">engfregerita</subfield>
    </datafield>
    <datafield tag="045" ind1="0" ind2=" ">
        <subfield code="b">d1768</subfield>
    </datafield>
    <datafield tag="049" ind1=" " ind2=" ">
        <subfield code="a">BXMM</subfield>
    </datafield>
    <datafield tag="090" ind1=" " ind2=" ">
        <subfield code="a">M1500.M84</subfield>
        <subfield code="b">F56 1991</subfield>
    </datafield>
    <datafield tag="099" ind1=" " ind2=" ">
        <subfield code="a">MMO</subfield>
        <subfield code="a">69</subfield>
        <subfield code="a">Op</subfield>
        <subfield code="a">.F56</subfield>
        <subfield code="a">1991</subfield>
    </datafield>
    <datafield tag="100" ind1="1" ind2=" ">
        <subfield code="a">Mozart, Wolfgang Amadeus,</subfield>
        <subfield code="d">1756-1791.</subfield>
    </datafield>
    <datafield tag="245" ind1="1" ind2="3">
        <subfield code="a">La finta semplice</subfield>
        <subfield code="h">[sound recording] :</subfield>
        <subfield code="b">K. 51 /</subfield>
        <subfield code="c">Mozart ; [libretto, Carlo Goldoni ; adapted by Marco Coltellini].</subfield>
    </datafield>
    <datafield tag="246" ind1="3" ind2=" ">
        <subfield code="a">Pretended simpleton</subfield>
    </datafield>
    <datafield tag="246" ind1="3" ind2=" ">
        <subfield code="a">Verstellte Einfalt</subfield>
    </datafield>
    <datafield tag="246" ind1="3" ind2=" ">
        <subfield code="a">Fausse naïve</subfield>
    </datafield>
    <datafield tag="260" ind1=" " ind2=" ">
        <subfield code="a">[United States] :</subfield>
        <subfield code="b">Philips,</subfield>
        <subfield code="c">p1991.</subfield>
    </datafield>
    <datafield tag="300" ind1=" " ind2=" ">
        <subfield code="a">2 sound discs (2 hr., 27 min., 12 sec.) :</subfield>
        <subfield code="b">digital ;</subfield>
        <subfield code="c">4 3/4 in.</subfield>
    </datafield>
    <datafield tag="306" ind1=" " ind2=" ">
        <subfield code="a">022712</subfield>
    </datafield>
    <datafield tag="490" ind1="1" ind2=" ">
        <subfield code="a">Complete Mozart edition ;</subfield>
        <subfield code="v">v. 28</subfield>
    </datafield>
    <datafield tag="500" ind1=" " ind2=" ">
        <subfield code="a">Compact discs.</subfield>
    </datafield>
    <datafield tag="500" ind1=" " ind2=" ">
        <subfield code="a">Comic opera in 3 acts.</subfield>
    </datafield>
    <datafield tag="500" ind1=" " ind2=" ">
        <subfield code="a">Title on container: La finta semplice = The pretended simpleton = Die verstellte Einfalt = La
            fausse naïve.
        </subfield>
    </datafield>
    <datafield tag="511" ind1="0" ind2=" ">
        <subfield code="a">Barbara Hendricks, Eva Lind, sopranos ; Ann Murray, mezzo soprano ; Douglas Johnson, Hans
            Peter Blochwitz, tenors ; Siegfried Lorenz, Andreas Schmidt, baritones ; Kammerorchester "Carl Philipp
            Emanuel Bach" ; Peter Schreier, conductor.
        </subfield>
    </datafield>
    <datafield tag="500" ind1=" " ind2=" ">
        <subfield code="a">Ed. recorded: W.A. Mozart, Neue Ausgabe sämtlicher Werke (ed. Rudolph Angermüller, Wolfgang
            Rehm).
        </subfield>
    </datafield>
    <datafield tag="518" ind1=" " ind2=" ">
        <subfield code="a">Recorded Nov. 1988 (?), in Christuskirche, Berlin.</subfield>
    </datafield>
    <datafield tag="500" ind1=" " ind2=" ">
        <subfield code="a">Program notes in English, French, German, and Italian, and libretto in Italian with English,
            French and German translations (244 p. : ill.) included.
        </subfield>
    </datafield>
    <datafield tag="650" ind1=" " ind2="0">
        <subfield code="a">Operas.</subfield>
    </datafield>
    <datafield tag="700" ind1="1" ind2=" ">
        <subfield code="a">Goldoni, Carlo,</subfield>
        <subfield code="d">1707-1793</subfield>
        <subfield code="4">lbt</subfield>
    </datafield>
    <datafield tag="700" ind1="1" ind2=" ">
        <subfield code="a">Coltellini, Marco,</subfield>
        <subfield code="d">18th cent.</subfield>
        <subfield code="4">lbt</subfield>
    </datafield>
    <datafield tag="700" ind1="1" ind2=" ">
        <subfield code="a">Hendricks, Barbara</subfield>
        <subfield code="4">prf</subfield>
    </datafield>
    <datafield tag="700" ind1="1" ind2=" ">
        <subfield code="a">Lind, Eva</subfield>
        <subfield code="4">prf</subfield>
    </datafield>
    <datafield tag="700" ind1="1" ind2=" ">
        <subfield code="a">Murray, Ann,</subfield>
        <subfield code="d">1949-</subfield>
        <subfield code="4">prf</subfield>
    </datafield>
    <datafield tag="700" ind1="1" ind2=" ">
        <subfield code="a">Johnson, Douglas,</subfield>
        <subfield code="c">tenor.</subfield>
        <subfield code="4">prf</subfield>
    </datafield>
    <datafield tag="700" ind1="1" ind2=" ">
        <subfield code="a">Blochwitz, Hans-Peter</subfield>
        <subfield code="4">prf</subfield>
    </datafield>
    <datafield tag="700" ind1="1" ind2=" ">
        <subfield code="a">Lorenz, Siegfried,</subfield>
        <subfield code="d">1945-</subfield>
        <subfield code="4">prf</subfield>
    </datafield>
    <datafield tag="700" ind1="1" ind2=" ">
        <subfield code="a">Schmidt, Andreas,</subfield>
        <subfield code="d">1960-</subfield>
        <subfield code="4">prf</subfield>
    </datafield>
    <datafield tag="700" ind1="1" ind2=" ">
        <subfield code="a">Schreier, Peter</subfield>
        <subfield code="4">cnd</subfield>
    </datafield>
    <datafield tag="710" ind1="2" ind2=" ">
        <subfield code="a">Kammerorchester "Carl Philipp Emanuel Bach".</subfield>
        <subfield code="4">prf.</subfield>
    </datafield>
    <datafield tag="800" ind1="1" ind2=" ">
        <subfield code="a">Mozart, Wolfgang Amadeus,</subfield>
        <subfield code="d">1756-1791</subfield>
        <subfield code="t">Works.</subfield>
        <subfield code="f">1990</subfield>
        <subfield code="v">vol. 28.</subfield>
    </datafield>
    <datafield tag="948" ind1=" " ind2=" ">
        <subfield code="a">LTI 08/08/2000</subfield>
    </datafield>
    <datafield tag="950" ind1=" " ind2=" ">
        <subfield code="a">OL</subfield>
    </datafield>
    <datafield tag="INT" ind1=" " ind2=" ">
        <subfield code="a">P</subfield>
    </datafield>
    <datafield tag="INST" ind1=" " ind2=" ">
        <subfield code="a">01BC_INST</subfield>
    </datafield>
    <datafield tag="AVA" ind1=" " ind2=" ">
        <subfield code="a">01BC_INST</subfield>
        <subfield code="b">ONL</subfield>
        <subfield code="c">Media 7 day</subfield>
        <subfield code="d">MMO 69 Op .F56 1991</subfield>
        <subfield code="e">available</subfield>
        <subfield code="f">1</subfield>
        <subfield code="g">0</subfield>
        <subfield code="j">MED_7D</subfield>
        <subfield code="k">8</subfield>
        <subfield code="p">1</subfield>
    </datafield>
</record>